@article{Einstein1926,
  doi = {10.1007/bf01510300},
  year = {1926},
  month = mar,
  publisher = {Springer Science and Business Media {LLC}},
  volume = {14},
  number = {11},
  pages = {223--224},
  author = {A. Einstein},
  title = {Die Ursache der M\"aanderbildung der Flu\ss{}l\"aufe und des sogenannten Baerschen Gesetzes},
  journal = {Die Naturwissenschaften}
}

@article{Pearson1905,
  doi = {10.1093/biomet/4.1-2.169},
  year = {1905},
  month = jun,
  publisher = {Oxford University Press ({OUP})},
  volume = {4},
  number = {1-2},
  pages = {169--212},
  author = {K. Pearson},
  title = {Das Fehlergesetz Und Seine Verallgemeiner-Ungen Durch Fechner und Pearson.},
  journal = {Biometrika}
}